<collection>
<record>
<leader>06557cpcaa22010097a 4500</leader>
<controlfield tag="001">11800998</controlfield>
<controlfield tag="005">20180521173231.0</controlfield>
<controlfield tag="008">960119i18852010rm rum </controlfield>
<datafield ind1=" " ind2=" " tag="010">
<subfield code="a"> 2004695180</subfield>
</datafield>
<datafield ind1=" " ind2=" " tag="035">
<subfield code="a">afc96000019</subfield>
</datafield>
<datafield ind1=" " ind2=" " tag="906">
<subfield code="a">7</subfield>
<subfield code="b">cbc</subfield>
<subfield code="c">orignew</subfield>
<subfield code="d">1</subfield>
<subfield code="e">ncip</subfield>
<subfield code="f">19</subfield>
<subfield code="g">y-folklife</subfield>
</datafield>
<datafield ind1=" " ind2=" " tag="955">
<subfield code="a">
mfor ?/?/96; shal 10/01/99; cker 01/07/00; mkru 2004-07-08; mkru 2004-08-19; mkru 2004-09-30; mkru 2010-03-24;
</subfield>
<subfield code="a">mseg 2013-01-07;</subfield>
<subfield code="a">kste 2015-04-23</subfield>
<subfield code="a">mkru 2015-05-04</subfield>
<subfield code="a">kste 2015-05-05</subfield>
<subfield code="a">mler 2017-08-18</subfield>
<subfield code="a">mkru 2018-05-21</subfield>
</datafield>
<datafield ind1=" " ind2=" " tag="040">
<subfield code="a">DLC</subfield>
<subfield code="c">DLC</subfield>
<subfield code="e">appm</subfield>
<subfield code="d">DLC</subfield>
</datafield>
<datafield ind1="0" ind2=" " tag="041">
<subfield code="a">rum</subfield>
<subfield code="a">eng</subfield>
<subfield code="a">fre</subfield>
<subfield code="a">ger</subfield>
<subfield code="d">rum</subfield>
<subfield code="d">tur</subfield>
</datafield>
<datafield ind1=" " ind2=" " tag="043">
<subfield code="a">e-rm---</subfield>
</datafield>
<datafield ind1=" " ind2=" " tag="090">
<subfield code="a">RXH 1077-1124; RXH 3037-3045; VAO 0525-0529</subfield>
</datafield>
<datafield ind1=" " ind2=" " tag="090">
<subfield code="a">AFC 1990/022:SR1-48 (field recordings)</subfield>
</datafield>
<datafield ind1=" " ind2=" " tag="090">
<subfield code="a">AFC 1990/022:F1-3 (moving images)</subfield>
</datafield>
<datafield ind1=" " ind2=" " tag="090">
<subfield code="a">AFC 1990/022:SR49-57 (interviews, sound cassettes)</subfield>
</datafield>
<datafield ind1=" " ind2=" " tag="090">
<subfield code="a">AFC 1990/022:V1-5 (interviews, videocassettes)</subfield>
</datafield>
<datafield ind1=" " ind2=" " tag="090">
<subfield code="a">AFC 1990/022</subfield>
</datafield>
<datafield ind1="0" ind2="0" tag="245">
<subfield code="a">Gheorghe and Eugenia Popescu-Judetz collection,</subfield>
<subfield code="f">1885-2010</subfield>
<subfield code="g">(bulk 1938-1972) /</subfield>
<subfield code="c">collected by Gheorghe and Eugenia Popescu-Judetz.</subfield>
</datafield>
<datafield ind1=" " ind2=" " tag="260">
<subfield code="c">1885-2010.</subfield>
</datafield>
<datafield ind1=" " ind2=" " tag="300">
<subfield code="a">20,069 items.</subfield>
</datafield>
<datafield ind1=" " ind2=" " tag="300">
<subfield code="3">manuscripts</subfield>
<subfield code="a">23 linear ft.</subfield>
<subfield code="f">(57 boxes)</subfield>
</datafield>
<datafield ind1=" " ind2=" " tag="300">
<subfield code="3">sound recordings</subfield>
<subfield code="a">48 sound tape reels :</subfield>
<subfield code="b">analog, mono. ;</subfield>
<subfield code="c">5 in.</subfield>
</datafield>
<datafield ind1=" " ind2=" " tag="300">
<subfield code="3">sound recordings</subfield>
<subfield code="a">9 sound cassettes :</subfield>
<subfield code="b">analog.</subfield>
</datafield>
<datafield ind1=" " ind2=" " tag="300">
<subfield code="3">graphic materials</subfield>
<subfield code="a">100 photographic prints :</subfield>
<subfield code="b">b&w.</subfield>
</datafield>
<datafield ind1=" " ind2=" " tag="300">
<subfield code="3">graphic materials</subfield>
<subfield code="a">1 photographic print :</subfield>
<subfield code="b">col.</subfield>
</datafield>
<datafield ind1=" " ind2=" " tag="300">
<subfield code="3">moving images</subfield>
<subfield code="a">1 film reel of 1 (100 ft.) :</subfield>
<subfield code="b">si., b&w ;</subfield>
<subfield code="c">8 mm.</subfield>
</datafield>
<datafield ind1=" " ind2=" " tag="300">
<subfield code="3">moving images</subfield>
<subfield code="a">1 film reel of 1 (55 ft.) :</subfield>
<subfield code="b">si., b&w ;</subfield>
<subfield code="c">8 mm.</subfield>
</datafield>
<datafield ind1=" " ind2=" " tag="300">
<subfield code="3">moving images</subfield>
<subfield code="a">1 film reel of 1 (86 ft.) :</subfield>
<subfield code="b">si., b&w ;</subfield>
<subfield code="c">16 mm.</subfield>
</datafield>
<datafield ind1=" " ind2=" " tag="300">
<subfield code="3">moving images</subfield>
<subfield code="a">5 videocassettes of 5 (Hi-8) :</subfield>
<subfield code="b">sd., col. ;</subfield>
<subfield code="c">8 mm.</subfield>
</datafield>
<datafield ind1=" " ind2=" " tag="300">
<subfield code="3">artifacts</subfield>
<subfield code="a">1 plaque.</subfield>
</datafield>
<datafield ind1=" " ind2=" " tag="351">
<subfield code="a">
Organized into the following series: I. 1990-1996 Accruals; II. Library of Congress oral history and documentation about the collection; III. 1997 Accrual; IV. 2004-2011 Accruals.
</subfield>
</datafield>
<datafield ind1="4" ind2=" " tag="510">
<subfield code="a">
Described in: Forner, Michelle. "From Village to Stage to Archive: A Cornucopia of Romanian Folk Dance Documentation." Folklife Center News 17 (Fall 1995):
</subfield>
<subfield code="c">3-8.</subfield>
</datafield>
<datafield ind1=" " ind2=" " tag="520">
<subfield code="a">
An ethnographic field collection of manuscript materials, graphic images, sound recordings, and moving images that document, for the most part, Romanian folk dance and music as well as costume, ritual, and customs. Music arrangements, choreographic diagrams, photographs, and programs document activities of the state dance companies, the Ciocîrlia and Perinitza Ensembles. Oral history interviews with the donor recorded in 1995 complement the materials. Manuscript material includes music arrangements, music transcriptions, dance notation, field notes, choreographic diagrams, ethnographies, dance indexes, analyses of meter and rhythm, and maps of dance distribution. Collection includes more than 2,000 notated folk dance variants, more than 3,200 audio-recorded melodies and approximately 4,000 notated dance melodies. The dance notation in this collection is a unique form developed by Gheorghe Popescu-Judetz to record Romanian folk dance.
</subfield>
</datafield>
<datafield ind1="8" ind2=" " tag="524">
<subfield code="a">
Gheorghe and Eugenia Popescu-Judetz collection (AFC 1990/022), Archive of Folk Culture, American Folklife Center, Library of Congress, Washington, D.C.
</subfield>
</datafield>
<datafield ind1="1" ind2=" " tag="506">
<subfield code="a">
Collection is open for research. Access restrictions apply; some or all content is stored offsite. To request materials, please contact the Folklife Reading Room at
</subfield>
<subfield code="u">http://hdl.loc.gov/loc.afc/folklife.contact</subfield>
</datafield>
<datafield ind1=" " ind2=" " tag="530">
<subfield code="a">
Digital preservation masters from original analog sound tape reels.
</subfield>
</datafield>
<datafield ind1=" " ind2=" " tag="540">
<subfield code="a">
Duplication of the collection materials may be governed by copyright and other restrictions.
</subfield>
</datafield>
<datafield ind1=" " ind2=" " tag="541">
<subfield code="a">Donated by Eugenia Popescu-Judetz</subfield>
<subfield code="d">1990-2011.</subfield>
</datafield>
<datafield ind1=" " ind2=" " tag="545">
<subfield code="a">
Gheorghe and Eugenia Popescu-Judetz were dancers, choreographers, teachers, and ethnographers. They conducted field research to gather traditional folk dance and music materials for their government-sponsored performance ensembles, to develop curricula for dance workshops, to publish dance instruction books, to provide methods to teach Romanian character dance, and to record Romanian dance culture.
</subfield>
</datafield>
<datafield ind1=" " ind2=" " tag="546">
<subfield code="3">Manuscripts</subfield>
<subfield code="a">
in Romanian and English; some programs also in French and German.
</subfield>
</datafield>
<datafield ind1=" " ind2=" " tag="546">
<subfield code="3">Sound recordings</subfield>
<subfield code="a">in Romanian and Turkish.</subfield>
</datafield>
<datafield ind1="8" ind2=" " tag="555">
<subfield code="a">
Finding aid is available in the Folklife Reading Room and online
</subfield>
<subfield code="u">http://hdl.loc.gov/loc.afc/eadafc.af015006</subfield>
</datafield>
<datafield ind1=" " ind2=" " tag="581">
<subfield code="a">
Popescu-Judetz, Gheorghe; Eugenia Popescu-Judetz and James Roncevic, eds. Judetz folk dance notation. Pittsburgh, Pa. : Duquesne University Tamburitzans, Institute of Folk Arts, 1979.
</subfield>
</datafield>
<datafield ind1="1" ind2="0" tag="600">
<subfield code="a">Popescu-Judetz, Gheorghe,</subfield>
<subfield code="d">1911-1972</subfield>
<subfield code="x">Ethnomusicological collections.</subfield>
</datafield>
<datafield ind1="1" ind2="0" tag="600">
<subfield code="a">Popescu-Judetz, Eugenia</subfield>
<subfield code="x">Ethnomusicological collections.</subfield>
</datafield>
<datafield ind1=" " ind2="0" tag="650">
<subfield code="a">Folk dancing, Romanian</subfield>
<subfield code="z">Romania.</subfield>
</datafield>
<datafield ind1=" " ind2="0" tag="650">
<subfield code="a">Folk dance music</subfield>
<subfield code="z">Romania.</subfield>
</datafield>
<datafield ind1=" " ind2="0" tag="650">
<subfield code="a">Dance</subfield>
<subfield code="z">Romania.</subfield>
</datafield>
<datafield ind1=" " ind2="0" tag="650">
<subfield code="a">Dance notation</subfield>
<subfield code="z">Romania.</subfield>
</datafield>
<datafield ind1=" " ind2="0" tag="650">
<subfield code="a">Choreography</subfield>
<subfield code="z">Romania.</subfield>
</datafield>
<datafield ind1=" " ind2="0" tag="650">
<subfield code="a">Choreographers</subfield>
<subfield code="z">Romania.</subfield>
</datafield>
<datafield ind1=" " ind2="0" tag="650">
<subfield code="a">Folk music</subfield>
<subfield code="z">Romania.</subfield>
</datafield>
<datafield ind1=" " ind2="0" tag="650">
<subfield code="a">Folk songs, Romanian</subfield>
<subfield code="z">Romania.</subfield>
</datafield>
<datafield ind1=" " ind2="0" tag="650">
<subfield code="a">Folk songs, Turkish</subfield>
<subfield code="z">Romania.</subfield>
</datafield>
<datafield ind1=" " ind2="0" tag="650">
<subfield code="a">Songs, Turkish</subfield>
<subfield code="z">Romania.</subfield>
</datafield>
<datafield ind1=" " ind2="0" tag="650">
<subfield code="a">Dance companies</subfield>
<subfield code="z">Romania.</subfield>
</datafield>
<datafield ind1=" " ind2="0" tag="650">
<subfield code="a">Costume</subfield>
<subfield code="z">Romania.</subfield>
</datafield>
<datafield ind1=" " ind2="0" tag="650">
<subfield code="a">Marriage customs and rites</subfield>
<subfield code="z">Romania.</subfield>
</datafield>
<datafield ind1=" " ind2="0" tag="650">
<subfield code="a">Wedding music</subfield>
<subfield code="z">Romania.</subfield>
</datafield>
<datafield ind1=" " ind2="0" tag="651">
<subfield code="a">Romania</subfield>
<subfield code="x">Rites and ceremonies.</subfield>
</datafield>
<datafield ind1=" " ind2="0" tag="651">
<subfield code="a">Romania</subfield>
<subfield code="x">Social life and customs.</subfield>
</datafield>
<datafield ind1=" " ind2="0" tag="650">
<subfield code="a">Ethnology</subfield>
<subfield code="z">Romania.</subfield>
</datafield>
<datafield ind1=" " ind2="7" tag="655">
<subfield code="a">Dance films.</subfield>
<subfield code="2">lcgft</subfield>
</datafield>
<datafield ind1=" " ind2="7" tag="655">
<subfield code="a">Ethnographic films.</subfield>
<subfield code="2">lcgft</subfield>
</datafield>
<datafield ind1=" " ind2="7" tag="655">
<subfield code="a">Oral histories.</subfield>
<subfield code="2">lcgft</subfield>
</datafield>
<datafield ind1=" " ind2="0" tag="650">
<subfield code="a">Field recordings</subfield>
<subfield code="z">Romania.</subfield>
</datafield>
<datafield ind1=" " ind2="7" tag="655">
<subfield code="a">Field notes.</subfield>
<subfield code="2">aat</subfield>
</datafield>
<datafield ind1=" " ind2="7" tag="655">
<subfield code="a">Drawings.</subfield>
<subfield code="2">aat</subfield>
</datafield>
<datafield ind1=" " ind2="7" tag="655">
<subfield code="a">Filmed interviews.</subfield>
<subfield code="2">lcgft</subfield>
</datafield>
<datafield ind1=" " ind2="7" tag="655">
<subfield code="a">Manuscripts.</subfield>
<subfield code="2">aat</subfield>
</datafield>
<datafield ind1=" " ind2="7" tag="655">
<subfield code="a">Scores.</subfield>
<subfield code="2">aat</subfield>
</datafield>
<datafield ind1=" " ind2="7" tag="655">
<subfield code="a">Programs.</subfield>
<subfield code="2">aat</subfield>
</datafield>
<datafield ind1=" " ind2="7" tag="655">
<subfield code="a">Maps.</subfield>
<subfield code="2">aat</subfield>
</datafield>
<datafield ind1="1" ind2=" " tag="700">
<subfield code="a">Popescu-Judetz, Gheorghe,</subfield>
<subfield code="d">1911-1972,</subfield>
<subfield code="e">collector.</subfield>
</datafield>
<datafield ind1="1" ind2=" " tag="700">
<subfield code="a">Popescu-Judetz, Eugenia,</subfield>
<subfield code="e">collector,</subfield>
<subfield code="e">interviewee.</subfield>
</datafield>
<datafield ind1="1" ind2=" " tag="700">
<subfield code="a">Forner, Michelle,</subfield>
<subfield code="e">interviewer.</subfield>
</datafield>
<datafield ind1="2" ind2=" " tag="710">
<subfield code="a">Orchestra "Ciocîrlia"</subfield>
</datafield>
<datafield ind1="0" ind2="2" tag="740">
<subfield code="a">Judetz folk dance notation.</subfield>
</datafield>
<datafield ind1=" " ind2=" " tag="852">
<subfield code="a">Library of Congress</subfield>
<subfield code="b">Archive of Folk Culture, American Folklife Center,</subfield>
<subfield code="e">
101 Independence Ave. S.E., Washington, DC USA 20540-4610
</subfield>
<subfield code="u">http://hdl.loc.gov/loc.afc/folklife.home</subfield>
</datafield>
<datafield ind1="4" ind2="2" tag="856">
<subfield code="3">Finding aid</subfield>
<subfield code="u">http://hdl.loc.gov/loc.afc/eadafc.af015006</subfield>
</datafield>
<datafield ind1=" " ind2=" " tag="985">
<subfield code="a">afc/ead</subfield>
</datafield>
<datafield ind1=" " ind2=" " tag="985">
<subfield code="a">AFC/Popescu-Judetz</subfield>
<subfield code="e">DHC</subfield>
</datafield>
<datafield ind1=" " ind2=" " tag="985">
<subfield code="a">afc/coll</subfield>
</datafield>
</record>
</collection>